@InBook{2007cser,
  author = 	 {Trygve Reenskaug},
  editor = 	 {Ari D. Klein},
  title = 	 {Computer Software Engineering Research},
  chapter = 	 {The Case for Readable Code},
  publisher = 	 {Nova Science Publishers, Inc. },
  year = 	 {2007}
}

@book{2005Meyers,
 author = {Meyers, Scott},
 title = {Effective C++: 55 Specific Ways to Improve Your Programs and Designs (3rd Edition)},
 year = {2005},
 isbn = {0321334876},
 publisher = {Addison-Wesley Professional},
} 
@book{1995gamma,
 author = {Gamma, Erich and Helm, Richard and Johnson, Ralph and Vlissides, John},
 title = {Design Patterns: Elements of Reusable Object-oriented Software},
 year = {1995},
 isbn = {0-201-63361-2},
 publisher = {Addison-Wesley Longman Publishing Co., Inc.},
 address = {Boston, MA, USA},
} 

@inproceedings{2013gerakios,
 author = {Gerakios, Prodromos and Biboudis, Aggelos and Smaragdakis, Yannis},
 title = {Forsaking Inheritance: Supercharged Delegation in DelphJ},
 booktitle = {Proceedings of the 2013 ACM SIGPLAN International Conference on Object Oriented Programming Systems Languages \&\#38; Applications},
 series = {OOPSLA '13},
 year = {2013},
 isbn = {978-1-4503-2374-1},
 location = {Indianapolis, Indiana, USA},
 pages = {233--252},
 numpages = {20},
 url = {http://doi.acm.org/10.1145/2509136.2509535},
 doi = {10.1145/2509136.2509535},
 acmid = {2509535},
 publisher = {ACM},
 address = {New York, NY, USA},
 keywords = {delegation, language extensions, meta-programming, morphing, object composition, static reflection},
} 


@inproceedings{2014wernli,
 author = {Wernli, Erwann and Nierstrasz, Oscar and Teruel, Camille and Ducasse, St{\'e}phane},
 title = {Delegation Proxies: The Power of Propagation},
 booktitle = {Proceedings of the 13th International Conference on Modularity},
 series = {MODULARITY '14},
 year = {2014},
 isbn = {978-1-4503-2772-5},
 location = {Lugano, Switzerland},
 pages = {1--12},
 numpages = {12},
 url = {http://doi.acm.org/10.1145/2577080.2577081},
 doi = {10.1145/2577080.2577081},
 acmid = {2577081},
 publisher = {ACM},
 address = {New York, NY, USA},
 keywords = {constructs and features, dynamic extent, programming languages, proxy, reflection},
} 