@InBook{2007cser,
  author	= {Trygve Reenskaug},
  editor	= {Ari D. Klein},
  title		= {Computer Software Engineering Research},
  chapter	= {The Case for Readable Code},
  publisher	= {Nova Science Publishers, Inc. },
  year		= {2007}
}

@book{2005Meyers,
 author		= {Meyers, Scott},
 title		= {Effective C++: 55 Specific Ways to Improve Your Programs and Designs (3rd Edition)},
 year		= {2005},
 isbn		= {0321334876},
 publisher	= {Addison-Wesley Professional},
} 
@book{1995gamma,
 author		= {Gamma, Erich and Helm, Richard and Johnson, Ralph and Vlissides, John},
 title		= {Design Patterns: Elements of Reusable Object-oriented Software},
 year		= {1995},
 isbn		= {0-201-63361-2},
 publisher	= {Addison-Wesley Longman Publishing Co., Inc.},
 address	= {Boston, MA, USA},
} 

@inproceedings{2013gerakios,
 author		= {Gerakios, Prodromos and Biboudis, Aggelos and Smaragdakis, Yannis},
 title		= {Forsaking Inheritance: Supercharged Delegation in {DelphJ}},
 booktitle	= {Proceedings of the 2013 ACM SIGPLAN International Conference on Object Oriented Programming Systems Languages \& Applications},
 series		= {OOPSLA '13},
 year		= {2013},
 isbn		= {978-1-4503-2374-1},
 location	= {Indianapolis, Indiana, USA},
 pages		= {233--252},
 numpages	= {20},
 url		= {http://doi.acm.org/10.1145/2509136.2509535},
 doi		= {10.1145/2509136.2509535},
 acmid		= {2509535},
 publisher	= {ACM},
 address	= {New York, NY, USA},
 keywords	= {delegation, language extensions, meta-programming, morphing, object composition, static reflection},
} 


@inproceedings{2014wernli,
 author		= {Wernli, Erwann and Nierstrasz, Oscar and Teruel, Camille and Ducasse, St{\'e}phane},
 title		= {Delegation Proxies: The Power of Propagation},
 booktitle	= {Proceedings of the 13th International Conference on Modularity},
 series		= {MODULARITY '14},
 year		= {2014},
 isbn		= {978-1-4503-2772-5},
 location	= {Lugano, Switzerland},
 pages		= {1--12},
 numpages	= {12},
 url		= {http://doi.acm.org/10.1145/2577080.2577081},
 doi		= {10.1145/2577080.2577081},
 acmid		= {2577081},
 publisher	= {ACM},
 address	= {New York, NY, USA},
 keywords	= {constructs and features, dynamic extent, programming languages, proxy, reflection},
} 

@article{2015consultable,
  author	= {{Nicolas} {Bouillot}},
  title		= {Make and Forward Consultables and Delegates},
  journal	= {Overload Journal},
  number	= {127},
  pages		= {20--24},
  year		= {2015},
  url		= {http://www.nicolasbouillot.net/papers/2015-june-consultables-overload-journal.pdf}
}

@article{2015concept,
  author	= {Andrew Sutton},
  title		= {Introducing Concepts},
  journal	= {Overload Journal},
  number	= {129},
  year		= {2015}
}


@article{Huang2011,
 author		= {Huang, Shan Shan and Smaragdakis, Yannis},
 title		= {Morphing: Structurally Shaping a Class by Reflecting on Others},
 journal	= {ACM Trans. Program. Lang. Syst.},
 issue_date	= {January 2011},
 volume		= {33},
 number		= {2},
 month		= feb,
 year		= {2011},
 issn		= {0164-0925},
 pages		= {6:1--6:44},
 articleno	= {6},
 numpages	= {44},
 publisher	= {ACM},
 address	= {New York, NY, USA}
} 

@inproceedings{Kastner2011,
 author = {K\"{a}stner, Christian and Apel, Sven and Ostermann, Klaus},
 title = {The Road to Feature Modularity?},
 booktitle = {Proceedings of the 15th International Software Product Line Conference, Volume 2},
 series = {SPLC '11},
 year = {2011},
 isbn = {978-1-4503-0789-5},
 location = {Munich, Germany},
 pages = {5:1--5:8},
 articleno = {5},
 numpages = {8},
 url = {http://doi.acm.org/10.1145/2019136.2019142},
 doi = {10.1145/2019136.2019142},
 acmid = {2019142},
 publisher = {ACM},
 address = {New York, NY, USA},
 keywords = {crosscutting, feature interactions, feature models, feature modules, granularity, interfaces, modularity, module systems, variability},
} 


@book{Alexandrescu2001,
 author = {Alexandrescu, Andrei},
 title = {Modern C++ Design: Generic Programming and Design Patterns Applied},
 year = {2001},
 isbn = {0-201-70431-5},
 publisher = {Addison-Wesley Longman Publishing Co., Inc.},
 address = {Boston, MA, USA},
} 